@misc{bus,
title={Bus Factor},
url={https://en.wikipedia.org/wiki/Bus_factor},
urldate={2016-11-28},
journal={En.wikipedia.org},
year={2016}
}

@misc{pi-gen,
title={rpi-distro/pi-gen},
url={https://github.com/RPi-Distro/pi-gen},
urldate={2016-11-28},
journal={GitHub},
year={2016}
},

@misc{blog,
author={Upton, Eben},
title={TEN MILLIONTH RASPBERRY PI, AND A NEW KIT},
url={https://www.raspberrypi.org/blog/ten-millionth-raspberry-pi-new-kit/},
urldate={2016-11-28},
journal={Raspberry Pi},
year={2016}
},



